<?xml version="1.0" encoding="UTF-8"?><collection xmlns="http://www.loc.gov/MARC21/slim"><record><leader>00699nam--2200193-i-4500</leader><controlfield tag="001">000023742</controlfield><controlfield tag="002">20161230</controlfield><controlfield tag="005">20161230201035</controlfield><controlfield tag="008">060222s1000------------r-----000-0-eng-d</controlfield><datafield ind1=" " ind2=" " tag="020"><subfield code="a">07200403421</subfield></datafield><datafield ind1=" " ind2=" " tag="040"><subfield code="a">IFIN-HH</subfield></datafield><datafield ind1=" " ind2=" " tag="080"><subfield code="a">539.12(061.3)</subfield></datafield><datafield ind1="1" ind2=" " tag="100"><subfield code="a">Joachim, H</subfield></datafield><datafield ind1="1" ind2="0" tag="245"><subfield code="a">Interaction studies in nuclei</subfield><subfield code="b">Proceedings of an international symposium held at the max-planck-institute for chemistry (otto-hahn-institute) in mainz nuclear physics division, february 17 to 20, 1975</subfield><subfield code="c">H. joachim, b. ziegler (eds.)</subfield></datafield><datafield ind1=" " ind2=" " tag="260"><subfield code="a">Amsterdam</subfield><subfield code="b">North-holland Publishing Company</subfield><subfield code="c">1975</subfield></datafield><datafield ind1=" " ind2=" " tag="300"><subfield code="a">XVII + 926P</subfield></datafield><datafield ind1="1" ind2=" " tag="700"><subfield code="a">Ziegler, B</subfield><subfield code="e">Ed</subfield></datafield><datafield ind1=" " ind2=" " tag="852"><subfield code="a">45428</subfield><subfield code="c">539.12</subfield></datafield><datafield ind1=" " ind2=" " tag="CAT"><subfield code="a">Sys</subfield><subfield code="c">20111128</subfield><subfield code="h">170151</subfield></datafield></record></collection>